<?xml version="1.0" encoding="utf-8"?>
<record xmlns="http://www.loc.gov/MARC21/slim" xmlns:xsi="http://www.w3.org/2001/XMLSchema-instance" xsi:schemaLocation="http://www.loc.gov/MARC21/slim http://www.loc.gov/standards/marcxml/schema/MARC21slim.xsd">
	<leader>
		02944nam a2200529   4500
	</leader>
	<controlfield tag="001">
		511236
	</controlfield>
	<controlfield tag="003">
		NjP
	</controlfield>
	<controlfield tag="006">
		m        d        
	</controlfield>
	<controlfield tag="007">
		cr cn |||m|||a
	</controlfield>
	<controlfield tag="008">
		151002s1876    ua      o     000 0 ara d
	</controlfield>
	<datafield ind1=" " ind2=" " tag="040">
		<subfield code="a">
			NNU
		</subfield>
		<subfield code="b">
			eng
		</subfield>
		<subfield code="e">
			rda
		</subfield>
		<subfield code="c">
			NNU
		</subfield>
	</datafield>
	<datafield ind1=" " ind2="4" tag="050">
		<subfield code="a">
			PJ7633
		</subfield>
		<subfield code="b">
			.M3
		</subfield>
	</datafield>
	<datafield ind1="0" ind2="0" tag="245">
		<subfield code="6">
			880-01
		</subfield>
		<subfield code="a">
			Hādhā majmūʻ mushtamil ʻalá khamsat dawāwīn min ashʻār al-ʻArab.
		</subfield>
	</datafield>
	<datafield ind1="3" ind2="0" tag="246">
		<subfield code="6">
			880-02
		</subfield>
		<subfield code="a">
			Majmūʻ mushtamil ʻalá khamsat dawāwīn min ashʻār al-ʻArab
		</subfield>
	</datafield>
	<datafield ind1=" " ind2=" " tag="250">
		<subfield code="6">
			880-03
		</subfield>
		<subfield code="a">
			al-Ṭabʻah 1.
		</subfield>
	</datafield>
	<datafield ind1=" " ind2=" " tag="260">
		<subfield code="6">
			880-04
		</subfield>
		<subfield code="a">
			[Cairo] :
		</subfield>
		<subfield code="b">
			[al-Maṭbaʻah al-Wahbīyah],
		</subfield>
		<subfield code="c">
			[1293, i.e., 1876]
		</subfield>
	</datafield>
	<datafield ind1=" " ind2=" " tag="300">
		<subfield code="a">
			online resource (200 pages)
		</subfield>
	</datafield>
	<datafield ind1=" " ind2=" " tag="336">
		<subfield code="a">
			text
		</subfield>
		<subfield code="2">
			rdacontent
		</subfield>
	</datafield>
	<datafield ind1=" " ind2=" " tag="337">
		<subfield code="a">
			computer
		</subfield>
		<subfield code="2">
			rdamedia
		</subfield>
	</datafield>
	<datafield ind1=" " ind2=" " tag="338">
		<subfield code="a">
			online resource
		</subfield>
		<subfield code="2">
			rdacarrier
		</subfield>
	</datafield>
	<datafield ind1=" " ind2=" " tag="500">
		<subfield code="a">
			Part of the Arabic Collections Online (ACO) project, contributed by Princeton University Libraries.
		</subfield>
	</datafield>
	<datafield ind1="0" ind2=" " tag="505">
		<subfield code="a">
			Dīwān Ziyād ibn Muʻāwiyah al-maʻrūf bi-al-Nābighah al-Dhubyānī maʻa sharḥihi lil-wazīr Abī Bakr ʻĀṣim ibn Ayyūb al-Baṭalyūsī -- Dīwān ʻUrwah ibn al-Ward al-ʻAbasī al-maʻrūf bi-ʻUrwat al-Ṣaʻālīk maʻa sharḥihi li-Ibn al-Sikkīt -- Dīwān Ḥātim al-Ṭāʼī maʻa sharḥih -- Dīwān ʻAlqamah al-Faḥl -- Dīwān al-Farazdaq.
		</subfield>
	</datafield>
	<datafield ind1=" " ind2=" " tag="533">
		<subfield code="a">
			Electronic reproduction.
		</subfield>
		<subfield code="b">
			New York, N.Y. :
		</subfield>
		<subfield code="c">
			New York University,
		</subfield>
		<subfield code="d">
			2015.
		</subfield>
		<subfield code="5">
			NNU
		</subfield>
	</datafield>
	<datafield ind1=" " ind2="0" tag="650">
		<subfield code="a">
			Arabic poetry.
		</subfield>
	</datafield>
	<datafield ind1="0" ind2="0" tag="600">
		<subfield code="a">
			Nābighah al-Dhubyānī,
		</subfield>
		<subfield code="d">
			active 6th century.
		</subfield>
	</datafield>
	<datafield ind1="0" ind2="7" tag="600">
		<subfield code="a">
			Nābighah al-Dhubyānī,
		</subfield>
		<subfield code="d">
			active 6th century
		</subfield>
		<subfield code="2">
			fast
		</subfield>
		<subfield code="0">
			(OCoLC)fst01836669
		</subfield>
	</datafield>
	<datafield ind1=" " ind2="7" tag="650">
		<subfield code="a">
			Arabic poetry.
		</subfield>
		<subfield code="2">
			fast
		</subfield>
		<subfield code="0">
			(OCoLC)fst00812533
		</subfield>
	</datafield>
	<datafield ind1="0" ind2="2" tag="700">
		<subfield code="6">
			880-05
		</subfield>
		<subfield code="a">
			Nābighah al-Dhubyānī,
		</subfield>
		<subfield code="d">
			active 6th century.
		</subfield>
		<subfield code="t">
			Poems.
		</subfield>
	</datafield>
	<datafield ind1="0" ind2="2" tag="700">
		<subfield code="6">
			880-06
		</subfield>
		<subfield code="a">
			ʻUrwah ibn al-Ward,
		</subfield>
		<subfield code="d">
			active 6th century.
		</subfield>
		<subfield code="t">
			Poems.
		</subfield>
	</datafield>
	<datafield ind1="0" ind2="2" tag="700">
		<subfield code="6">
			880-07
		</subfield>
		<subfield code="a">
			Ḥātim al-Ṭāʼī.
		</subfield>
		<subfield code="t">
			Poems.
		</subfield>
	</datafield>
	<datafield ind1="0" ind2="2" tag="700">
		<subfield code="6">
			880-08
		</subfield>
		<subfield code="a">
			ʻAlqamah ibn ʻAbadah,
		</subfield>
		<subfield code="d">
			active 6th century.
		</subfield>
		<subfield code="t">
			Poems.
		</subfield>
	</datafield>
	<datafield ind1="0" ind2="2" tag="700">
		<subfield code="6">
			880-09
		</subfield>
		<subfield code="a">
			Farazdaq,
		</subfield>
		<subfield code="d">
			approximately 641-approximately 728.
		</subfield>
		<subfield code="t">
			Poems.
		</subfield>
	</datafield>
	<datafield ind1="2" ind2=" " tag="710">
		<subfield code="a">
			Princeton University.
		</subfield>
		<subfield code="b">
			Library.
		</subfield>
	</datafield>
	<datafield ind1="0" ind2=" " tag="730">
		<subfield code="a">
			Arabic Collections Online.
		</subfield>
	</datafield>
	<datafield ind1="0" ind2="8" tag="776">
		<subfield code="i">
			Print version:
		</subfield>
		<subfield code="t">
			Hādhā majmūʻ mushtamil ʻalá khamsat dawāwīn min ashʻār al-ʻArab
		</subfield>
		<subfield code="w">
			(NjP)511236
		</subfield>
		<subfield code="w">
			(OCoLC)22315067
		</subfield>
	</datafield>
	<datafield ind1="4" ind2="0" tag="856">
		<subfield code="u">
			http://hdl.handle.net/2333.1/z08kpvqt
		</subfield>
	</datafield>
	<datafield ind1="0" ind2="0" tag="880">
		<subfield code="6">
			245-01/r
		</subfield>
		<subfield code="a">
			هذا مجموع مشتمل على خمسة دواوين من أشعارالعرب.
		</subfield>
	</datafield>
	<datafield ind1="3" ind2="0" tag="880">
		<subfield code="6">
			246-02/r
		</subfield>
		<subfield code="a">
			مجموع مشتمل على خمسة دواوين من أشعار العرب
		</subfield>
	</datafield>
	<datafield ind1=" " ind2=" " tag="880">
		<subfield code="6">
			250-03/r
		</subfield>
		<subfield code="a">
			الطبعة 1.
		</subfield>
	</datafield>
	<datafield ind1=" " ind2=" " tag="880">
		<subfield code="6">
			260-04/r
		</subfield>
		<subfield code="a">
			[مصر] :
		</subfield>
		<subfield code="b">
			المطبعة الوهبية،
		</subfield>
		<subfield code="c">
			1293 [1876.
		</subfield>
	</datafield>
	<datafield ind1="0" ind2=" " tag="880">
		<subfield code="6">
			700-05/r
		</subfield>
		<subfield code="a">
			فرزدق،.
		</subfield>
	</datafield>
	<datafield ind1="0" ind2="2" tag="880">
		<subfield code="6">
			700-06
		</subfield>
		<subfield code="a">
			عروة بن الورد،.
		</subfield>
	</datafield>
	<datafield ind1="0" ind2="2" tag="880">
		<subfield code="6">
			700-07
		</subfield>
		<subfield code="a">
			حاتم الطائي.
		</subfield>
	</datafield>
	<datafield ind1="0" ind2="2" tag="880">
		<subfield code="6">
			700-08
		</subfield>
		<subfield code="a">
			علقمة بن عبدة،.
		</subfield>
	</datafield>
	<datafield ind1="0" ind2="2" tag="880">
		<subfield code="6">
			700-09
		</subfield>
		<subfield code="a">
			فرزدق،.
		</subfield>
	</datafield>
	<datafield ind1=" " ind2=" " tag="959">
		<subfield code="a">
			NNU
		</subfield>
		<subfield code="b">
			WEB
		</subfield>
		<subfield code="c">
			GENI
		</subfield>
		<subfield code="t">
			0
		</subfield>
		<subfield code="m">
			Electronic access
		</subfield>
		<subfield code="s">
			01
		</subfield>
	</datafield>
	<datafield ind1=" " ind2=" " tag="999">
		<subfield code="i">
			NjP_511236
		</subfield>
		<subfield code="o">
			(OCoLC)ocm22315067 
		</subfield>
		<subfield code="s">
			princeton_aco000195
		</subfield>
	</datafield>
</record>
